symbol,pip_size,pip_round,pip_price_%,contractId,lastPrice,bid1,ask1,volume24,amount24,holdVol,lower24Price,high24Price,riseFallRate,riseFallValue,indexPrice,fairPrice,fundingRate,maxBidPrice,minAskPrice,timestamp,riseFallRates,riseFallRatesOfTimezone
XLM_USDT,0.00001,5,0.00371,65,0.26942,0.26923,0.26925,2921067,7799688.2386,1394020,0.26167,0.27233,0.0121,0.00323,0.26946,0.26942,-9.7e-05,0.2964,0.24251,1743334332456,"{'zone': 'UTC+8', 'r': 0.0121, 'v': 0.00323, 'r7': -0.0202, 'r30': -0.0607, 'r90': -0.2257, 'r180': 1.6909, 'r365': 0.891}","[0.0132, 0.0089, 0.0121]"
SUI_USDT,0.0001,4,0.00421,397,2.3761,2.3745,2.3746,375261235,877116012.2869,18704690,2.2472,2.4537,0.0363,0.0834,2.3775,2.3761,-5.9e-05,2.853,1.902,1743334332301,"{'zone': 'UTC+8', 'r': 0.0363, 'v': 0.0834, 'r7': 0.0358, 'r30': -0.1675, 'r90': -0.4293, 'r180': 0.362, 'r365': 0.2208}","[0.0043, 0.0293, 0.0363]"
POL_USDT,0.00001,5,0.00489,681,0.20477,0.20467,0.20468,1789781,3614569.7401,2549970,0.1974,0.20687,0.0165,0.00334,0.20486,0.20478,1.8e-05,0.24583,0.16388,1743334332521,"{'zone': 'UTC+8', 'r': 0.0165, 'v': 0.00334, 'r7': -0.0246, 'r30': -0.2653, 'r90': -0.5721, 'r180': -0.4911}","[0.0058, 0.012, 0.0165]"
CAKE_USDT,0.0001,4,0.00499,393,2.0036,2.0025,2.0026,5813448,11618668.6355,2028792,1.9201,2.0596,0.0026,0.0053,2.0048,2.0036,-0.000101,2.4057,1.6038,1743334332390,"{'zone': 'UTC+8', 'r': 0.0026, 'v': 0.0053, 'r7': -0.268, 'r30': -0.0289, 'r90': -0.2258, 'r180': -0.0174, 'r365': -0.567}","[0.0258, 0.0038, 0.0026]"
AVAX_USDT,0.001,3,0.00518,49,19.326,19.318,19.319,68392408,135104004.9738,12404770,19.165,20.308,-0.0328,-0.656,19.341,19.326,-0.000146,23.209,15.472,1743334332323,"{'zone': 'UTC+8', 'r': -0.0328, 'v': -0.656, 'r7': -0.0107, 'r30': -0.1515, 'r90': -0.4713, 'r180': -0.3079, 'r365': -0.6359}","[-0.0287, -0.0133, -0.0328]"
HBAR_USDT,0.00001,5,0.00583,106,0.17173,0.17164,0.17165,334799019,57135291.6074,68398755,0.16643,0.17523,0.0176,0.00298,0.17181,0.17173,2.5e-05,0.20617,0.13744,1743334332344,"{'zone': 'UTC+8', 'r': 0.0176, 'v': 0.00298, 'r7': -0.0628, 'r30': -0.1474, 'r90': -0.3994, 'r180': 1.936, 'r365': 0.49}","[0.0005, -0.0007, 0.0176]"
DOGE_USDT,0.00001,5,0.00589,68,0.16966,0.16966,0.16967,76525125,1299987368.674,3152147,0.16573,0.17258,-0.0005,-9e-05,0.16977,0.16973,-0.000132,0.20372,0.13581,1743334332314,"{'zone': 'UTC+8', 'r': -0.0005, 'v': -9e-05, 'r7': 0.0101, 'r30': -0.1883, 'r90': -0.4692, 'r180': 0.449, 'r365': -0.1877}","[-0.007, 0.0011, -0.0005]"
ETC_USDT,0.001,3,0.00599,15,16.708,16.703,16.704,2733356,4547206.9176,4557482,16.359,16.872,0.0046,0.078,16.71,16.708,1.8e-05,20.052,13.368,1743334332541,"{'zone': 'UTC+8', 'r': 0.0046, 'v': 0.078, 'r7': -0.0662, 'r30': -0.1136, 'r90': -0.359, 'r180': -0.1445, 'r365': -0.5024}","[-0.008, 0.0071, 0.0046]"
AAVE_USDT,0.01,2,0.00606,62,165.21,165.1,165.12,35937749,60790821.2467,5409045,164.28,177.4,-0.038,-6.54,165.35,165.22,-9.2e-05,198.42,132.28,1743334332343,"{'zone': 'UTC+8', 'r': -0.038, 'v': -6.54, 'r7': -0.0806, 'r30': -0.1917, 'r90': -0.505, 'r180': 0.0675, 'r365': 0.2976}","[-0.0661, -0.0164, -0.038]"
LINK_USDT,0.001,3,0.00729,18,13.726,13.725,13.726,163927131,223509673.1107,16433120,13.363,13.855,0.0072,0.099,13.733,13.725,-9.9e-05,16.479,10.986,1743334332333,"{'zone': 'UTC+8', 'r': 0.0072, 'v': 0.099, 'r7': -0.0348, 'r30': -0.1076, 'r90': -0.3597, 'r180': 0.1511, 'r365': -0.2771}","[-0.0028, 0.0137, 0.0072]"
VELO_USDT,0.000001,6,0.00786,422,0.012724,0.012715,0.012716,117140,1481053.895,103195,0.012133,0.013013,0.0063,8e-05,0.012715,0.012713,-0.000185,0.015258,0.010172,1743334332726,"{'zone': 'UTC+8', 'r': 0.0063, 'v': 8e-05, 'r7': -0.0273, 'r30': -0.2673, 'r90': -0.4977, 'r180': -0.2354, 'r365': 0.4109}","[-0.006, 0.0128, 0.0063]"
SHIB_USDT,0.000000001,9,0.00792,126,1.2636e-05,1.2631e-05,1.2632e-05,3159229764,40012323.094795,538688700,1.2435e-05,1.2899e-05,-0.0062,-8e-08,1.2634e-05,1.2632e-05,-0.00021,1.516e-05,1.0107e-05,1743334332387,"{'zone': 'UTC+8', 'r': -0.0062, 'v': -8e-08, 'r7': -0.0156, 'r30': -0.134, 'r90': -0.424, 'r180': -0.2903, 'r365': -0.5846}","[-0.0093, -0.0029, -0.0062]"
SOL_USDT,0.01,2,0.008,51,124.95,124.94,124.95,253010737,3164638794.827,18662362,122.52,126.73,-0.01,-1.27,125.1,125.01,-0.000118,137.61,112.59,1743334332302,"{'zone': 'UTC+8', 'r': -0.01, 'v': -1.27, 'r7': -0.0325, 'r30': -0.1048, 'r90': -0.3592, 'r180': -0.1891, 'r365': -0.3246}","[-0.0069, 0.0039, -0.01]"
1000BONK_USDT,0.000001,6,0.00877,388,0.011408,0.0114,0.011401,74306,8427099.11,17980,0.010998,0.011624,0.0071,8.1e-05,0.011418,0.011409,-0.000147,0.013701,0.009134,1743334332533,"{'zone': 'UTC+8', 'r': 0.0071, 'v': 8.1e-05, 'r7': -0.0781, 'r30': -0.1684, 'r90': -0.6379, 'r180': -0.5215, 'r365': -0.567}","[-0.0173, 0.0072, 0.0071]"
JASMY_USDT,0.000001,6,0.00899,195,0.011134,0.011126,0.011127,61352416,6731269.48239,23817395,0.010611,0.011304,0.0179,0.000196,0.01114,0.011134,-7.9e-05,0.013368,0.008912,1743334332441,"{'zone': 'UTC+8', 'r': 0.0179, 'v': 0.000196, 'r7': -0.1073, 'r30': -0.4086, 'r90': -0.673, 'r180': -0.4932, 'r365': -0.4632}","[-0.0021, 0.009, 0.0179]"
AIXBT_USDT,0.00001,5,0.00943,842,0.106,0.10597,0.10599,8722695,9170144.5793,1833455,0.10253,0.1098,0.0024,0.00026,0.10615,0.10601,-8.2e-05,0.12738,0.08492,1743334332510,"{'zone': 'UTC+8', 'r': 0.0024, 'v': 0.00026, 'r7': 0.015, 'r30': -0.4859, 'r90': -0.7897}","[-0.0176, 0.0193, 0.0024]"
TRUMPOFFICIAL_USDT,0.001,3,0.00985,981,10.154,10.154,10.155,177520314,178508098.5306,16056920,9.84,10.364,0.0142,0.143,10.162,10.159,5e-05,12.194,8.129,1743334332342,"{'zone': 'UTC+8', 'r': 0.0142, 'v': 0.143, 'r7': -0.0684, 'r30': -0.213}","[0.0143, 0.0085, 0.0142]"
EIGEN_USDT,0.0001,4,0.01061,704,0.9429,0.9423,0.9424,9996871,9343787.899,4388427,0.9035,0.9623,0.0173,0.0161,0.943,0.9429,-6.4e-05,1.1316,0.7544,1743334332435,"{'zone': 'UTC+8', 'r': 0.0173, 'v': 0.0161, 'r7': -0.2167, 'r30': -0.4503, 'r90': -0.7203, 'r180': -0.7248}","[-0.0047, -0.0006, 0.0173]"
GRT_USDT,0.00001,5,0.01106,76,0.09051,0.09043,0.09044,30213521,2724452.28556,23755132,0.08737,0.0916,0.0063,0.00057,0.09053,0.09051,-0.000137,0.10863,0.07242,1743334332515,"{'zone': 'UTC+8', 'r': 0.0063, 'v': 0.00057, 'r7': -0.0517, 'r30': -0.2682, 'r90': -0.5713, 'r180': -0.4932, 'r365': -0.7706}","[-0.0052, 0.0229, 0.0063]"
INJ_USDT,0.001,3,0.01119,281,8.942,8.939,8.94,5786492,50863908.388,822772,8.53,9.024,0.0208,0.183,8.95,8.942,-0.000188,10.74,7.16,1743334332383,"{'zone': 'UTC+8', 'r': 0.0208, 'v': 0.183, 'r7': -0.0881, 'r30': -0.3422, 'r90': -0.5656, 'r180': -0.6103, 'r365': -0.7544}","[0.005, 0.0338, 0.0208]"
LDO_USDT,0.0001,4,0.01152,266,0.8683,0.8676,0.8677,8310345,7262395.7922,6999065,0.8546,0.8983,-0.0134,-0.0118,0.8687,0.8683,-0.000113,1.0424,0.6949,1743334332414,"{'zone': 'UTC+8', 'r': -0.0134, 'v': -0.0118, 'r7': -0.1441, 'r30': -0.3605, 'r90': -0.5146, 'r180': -0.3247, 'r365': -0.6974}","[-0.0222, -0.005, -0.0134]"
LTC_USDT,0.01,2,0.01162,14,86.13,86.08,86.09,69069994,59160987.0153,17869362,84.09,86.97,0.0018,0.16,86.13,86.13,4.6e-05,94.74,77.51,1743334332355,"{'zone': 'UTC+8', 'r': 0.0018, 'v': 0.16, 'r7': -0.0519, 'r30': -0.3306, 'r90': -0.1451, 'r180': 0.2944, 'r365': -0.1746}","[0.0043, 0.0089, 0.0018]"
ORDI_USDT,0.001,3,0.01207,406,8.289,8.282,8.283,11253164,9310716.2649,6676870,8.029,8.557,-0.0045,-0.038,8.288,8.288,3.9e-05,9.945,6.63,1743334332417,"{'zone': 'UTC+8', 'r': -0.0045, 'v': -0.038, 'r7': -0.1801, 'r30': -0.3476, 'r90': -0.6903, 'r180': -0.7824, 'r365': -0.8694}","[-0.0209, 0.0087, -0.0045]"
ONDO_USDT,0.0001,4,0.01244,529,0.8042,0.8037,0.8038,7741115,61820318.51,2481510,0.7777,0.8134,0.0182,0.0144,0.8046,0.8043,-0.000184,0.9655,0.6436,1743334332353,"{'zone': 'UTC+8', 'r': 0.0182, 'v': 0.0144, 'r7': -0.0317, 'r30': -0.1829, 'r90': -0.4358, 'r180': 0.0636, 'r365': -0.0818}","[0.0101, 0.0076, 0.0182]"
WLD_USDT,0.0001,4,0.01265,452,0.7913,0.7904,0.7905,76358417,59730003.2328,13003337,0.7625,0.8038,0.0082,0.0065,0.7911,0.7911,5.4e-05,0.9493,0.6328,1743334332371,"{'zone': 'UTC+8', 'r': 0.0082, 'v': 0.0065, 'r7': -0.0473, 'r30': -0.3221, 'r90': -0.6373, 'r180': -0.5806, 'r365': -0.9022}","[-0.0065, 0.0167, 0.0082]"
PI_USDT,0.0001,4,0.01304,1048,0.7669,0.7668,0.7669,115657246,91481358.994,17112747,0.7604,0.8294,-0.0315,-0.025,0.7667,0.7667,-3.3e-05,0.92,0.6133,1743334332321,"{'zone': 'UTC+8', 'r': -0.0315, 'v': -0.025, 'r7': -0.2327, 'r30': -0.7055}","[-0.0741, -0.0472, -0.0315]"
IO_USDT,0.0001,4,0.01306,599,0.7668,0.7657,0.7659,1140197,862349.5615,1401260,0.7315,0.7771,0.0183,0.0138,0.7669,0.7668,5e-05,0.9202,0.6135,1743334332619,"{'zone': 'UTC+8', 'r': 0.0183, 'v': 0.0138, 'r7': -0.0696, 'r30': -0.3865, 'r90': -0.734, 'r180': -0.6215}","[-0.0055, 0.0234, 0.0183]"
OP_USDT,0.0001,4,0.01315,259,0.7605,0.7603,0.7604,17117262,13187536.5038,7738915,0.752,0.795,-0.016,-0.0124,0.761,0.7609,-0.0002,0.9132,0.6088,1743334332372,"{'zone': 'UTC+8', 'r': -0.016, 'v': -0.0124, 'r7': -0.1106, 'r30': -0.3257, 'r90': -0.587, 'r180': -0.5703, 'r365': -0.7897}","[-0.0411, -0.007, -0.016]"
BEAMX_USDT,0.000001,6,0.0134,495,0.007469,0.007464,0.007465,445026,3302857.72,232292,0.007135,0.007715,-0.0152,-0.000116,0.007479,0.00747,-0.000242,0.008974,0.005983,1743334332571,"{'zone': 'UTC+8', 'r': -0.0152, 'v': -0.000116, 'r7': -0.092, 'r30': -0.1272, 'r90': -0.7242, 'r180': -0.6115, 'r365': -0.7854}","[0.0167, 0.0177, -0.0152]"
PEPE_USDT,0.000000001,9,0.01416,384,7.068e-06,7.062e-06,7.063e-06,2934589,212580379.1,352530,7.01e-06,7.52e-06,-0.0308,-2.25e-07,7.069e-06,7.068e-06,-9.3e-05,8.482e-06,5.655e-06,1743334332324,"{'zone': 'UTC+8', 'r': -0.0308, 'v': -2.25e-07, 'r7': -0.0218, 'r30': -0.1608, 'r90': -0.6158, 'r180': -0.3396, 'r365': -0.0728}","[-0.0579, -0.0202, -0.0308]"
ADA_USDT,0.0001,4,0.01478,27,0.6768,0.6763,0.6764,534486258,359317492.6191,53564750,0.6582,0.687,0.009,0.0061,0.6769,0.6768,1.4e-05,0.7445,0.6092,1743334332322,"{'zone': 'UTC+8', 'r': 0.009, 'v': 0.0061, 'r7': -0.0369, 'r30': 0.0165, 'r90': -0.2336, 'r180': 0.7885, 'r365': 0.041}","[0.0099, 0.0063, 0.009]"
KAS_USDT,0.00001,5,0.01524,309,0.06562,0.06562,0.06563,358633,23073491.03,253772,0.06259,0.06711,0.024,0.00154,0.06571,0.06562,-0.000204,0.07885,0.05256,1743334332411,"{'zone': 'UTC+8', 'r': 0.024, 'v': 0.00154, 'r7': -0.1706, 'r30': -0.2351, 'r90': -0.4464, 'r180': -0.5884, 'r365': -0.5278}","[0.0229, 0.0178, 0.024]"
AR_USDT,0.001,3,0.01538,167,6.501,6.5,6.501,4092366,2595980.2635,2294287,6.131,6.675,0.0284,0.18,6.507,6.504,-6.8e-05,7.808,5.205,1743334332559,"{'zone': 'UTC+8', 'r': 0.0284, 'v': 0.18, 'r7': -0.0953, 'r30': -0.2367, 'r90': -0.606, 'r180': -0.7143, 'r365': -0.8389}","[-0.0224, 0.0399, 0.0284]"
STX_USDT,0.0001,4,0.01611,329,0.6214,0.6207,0.6208,211221,1319473.937,236482,0.6126,0.6386,-0.0114,-0.0072,0.6217,0.6214,-0.00029,0.746,0.4973,1743334332660,"{'zone': 'UTC+8', 'r': -0.0114, 'v': -0.0072, 'r7': -0.0062, 'r30': -0.2741, 'r90': -0.6122, 'r180': -0.6635, 'r365': -0.8249}","[-0.0123, 0.0009, -0.0114]"
VIRTUAL_USDT,0.0001,4,0.01619,745,0.6183,0.6177,0.6178,1528953,9306869.643,560010,0.5944,0.6247,0.0166,0.0101,0.6182,0.6181,-0.000397,0.7418,0.4945,1743334332457,"{'zone': 'UTC+8', 'r': 0.0166, 'v': 0.0101, 'r7': -0.1647, 'r30': -0.4384, 'r90': -0.8278}","[0.0119, 0.0177, 0.0166]"
LUNC_USDT,0.00000001,8,0.01666,255,6.001e-05,6e-05,6.001e-05,3149489,1872472.0128,1971342,5.847e-05,6.058e-05,0.0072,4.3e-07,6.013e-05,6.001e-05,-7.6e-05,7.215e-05,4.81e-05,1743334332572,"{'zone': 'UTC+8', 'r': 0.0072, 'v': 4.3e-07, 'r7': -0.0722, 'r30': -0.1163, 'r90': -0.47, 'r180': -0.3565, 'r365': -0.609}","[0.0028, 0.0112, 0.0072]"
UNI_USDT,0.001,3,0.01671,48,5.987,5.984,5.985,30663960,18407970.7789,5268725,5.862,6.124,0.0021,0.013,5.988,5.986,3.6e-05,7.185,4.79,1743334332438,"{'zone': 'UTC+8', 'r': 0.0021, 'v': 0.013, 'r7': -0.111, 'r30': -0.2589, 'r90': -0.5475, 'r180': -0.204, 'r365': -0.5268}","[-0.0165, 0.0053, 0.0021]"
ETHFI_USDT,0.0001,4,0.01685,553,0.5938,0.5935,0.5936,7647273,4506844.1962,4663180,0.5766,0.6039,0.0067,0.004,0.5938,0.5938,5e-05,0.7125,0.475,1743334332519,"{'zone': 'UTC+8', 'r': 0.0067, 'v': 0.004, 'r7': -0.1121, 'r30': -0.3868, 'r90': -0.7041, 'r180': -0.6677, 'r365': -0.9109}","[-0.0056, 0.005, 0.0067]"
FLOKI_USDT,0.00000001,8,0.017,318,5.887e-05,5.883e-05,5.884e-05,2618012,15292819.977,584052,5.657e-05,5.981e-05,0.0078,4.6e-07,5.89e-05,5.886e-05,-0.000392,7.068e-05,4.712e-05,1743334332427,"{'zone': 'UTC+8', 'r': 0.0078, 'v': 4.6e-07, 'r7': -0.0598, 'r30': -0.2957, 'r90': -0.6668, 'r180': -0.6243, 'r365': -0.7533}","[-0.0125, 0.0179, 0.0078]"
MUBARAK_USDT,0.00001,5,0.01733,1088,0.0578,0.0577,0.05771,8162164,54835620.808,659767,0.055,0.07572,-0.2066,-0.01506,0.05787,0.0578,5e-05,0.06944,0.04629,1743334332321,"{'zone': 'UTC+8', 'r': -0.2066, 'v': -0.01506, 'r7': -0.5431}","[-0.2083, -0.1882, -0.2066]"
ICP_USDT,0.001,3,0.01851,127,5.405,5.402,5.403,1162041815,62558548.43561,109192085,5.256,5.46,0.0044,0.024,5.408,5.405,2e-06,6.489,4.326,1743334332474,"{'zone': 'UTC+8', 'r': 0.0044, 'v': 0.024, 'r7': -0.0591, 'r30': -0.1869, 'r90': -0.4763, 'r180': -0.4041, 'r365': -0.6898}","[-0.0049, 0.0112, 0.0044]"
S_USDT,0.0001,4,0.02036,939,0.4914,0.4911,0.4912,51349305,25194957.7898,12839050,0.4746,0.5029,-0.0014,-0.0007,0.4915,0.4914,-0.000103,0.5898,0.3932,1743334332422,"{'zone': 'UTC+8', 'r': -0.0014, 'v': -0.0007, 'r7': -0.0349, 'r30': -0.3169}","[-0.014, 0.0088, -0.0014]"
CKB_USDT,0.000001,6,0.02042,340,0.004897,0.004896,0.004897,151060,726151.002,214187,0.004714,0.004957,0.013,6.3e-05,0.004901,0.004897,-0.000114,0.005881,0.00392,1743334332760,"{'zone': 'UTC+8', 'r': 0.013, 'v': 6.3e-05, 'r7': -0.0575, 'r30': -0.1795, 'r90': -0.5926, 'r180': -0.7072, 'r365': -0.7428}","[0.0063, 0.0107, 0.013]"
APE_USDT,0.0001,4,0.02092,244,0.4784,0.478,0.4781,20172192,9510620.1723,4005387,0.4609,0.4865,0.0056,0.0027,0.4786,0.4784,-0.000127,0.5743,0.3828,1743334332437,"{'zone': 'UTC+8', 'r': 0.0056, 'v': 0.0027, 'r7': -0.1102, 'r30': -0.2637, 'r90': -0.6127, 'r180': -0.3883, 'r365': -0.7627}","[-0.0119, 0.0193, 0.0056]"
FET_USDT,0.0001,4,0.02096,320,0.4776,0.4771,0.4772,3683049,17406588.15,1245015,0.4625,0.4864,0.0046,0.0022,0.4779,0.4776,-0.000354,0.5734,0.3823,1743334332426,"{'zone': 'UTC+8', 'r': 0.0046, 'v': 0.0022, 'r7': -0.0668, 'r30': -0.2709, 'r90': -0.6378, 'r180': -0.6932, 'r365': -0.8463}","[-0.0172, 0.0161, 0.0046]"
CRV_USDT,0.0001,4,0.02119,37,0.4721,0.4719,0.472,596650611,28807374.30136,150772642,0.467,0.4972,-0.029,-0.0141,0.4722,0.4721,-9.5e-05,0.5666,0.3777,1743334332397,"{'zone': 'UTC+8', 'r': -0.029, 'v': -0.0141, 'r7': 0.0057, 'r30': 0.0205, 'r90': -0.5064, 'r180': 0.6223, 'r365': -0.3341}","[-0.0084, -0.0349, -0.029]"
WIF_USDT,0.0001,4,0.02285,525,0.4376,0.4375,0.4377,19838859,85327152.807,3923237,0.4209,0.4434,0.0141,0.0061,0.4376,0.4375,-0.000222,0.5251,0.35,1743334332341,"{'zone': 'UTC+8', 'r': 0.0141, 'v': 0.0061, 'r7': -0.1602, 'r30': -0.261, 'r90': -0.7654, 'r180': -0.8166, 'r365': -0.882}","[-0.0031, 0.0124, 0.0141]"
ATOM_USDT,0.001,3,0.02308,19,4.336,4.331,4.332,48035014,20751927.4358,12614945,4.166,4.456,-0.0032,-0.014,4.335,4.334,-5.3e-05,5.202,3.468,1743334332397,"{'zone': 'UTC+8', 'r': -0.0032, 'v': -0.014, 'r7': -0.0957, 'r30': -0.0707, 'r90': -0.3297, 'r180': -0.0961, 'r365': -0.6511}","[-0.0232, 0.0233, -0.0032]"
DOT_USDT,0.001,3,0.02438,33,4.104,4.101,4.102,80537714,32819988.9926,32209095,3.993,4.169,0.0088,0.036,4.105,4.104,-8.3e-05,4.515,3.694,1743334332355,"{'zone': 'UTC+8', 'r': 0.0088, 'v': 0.036, 'r7': -0.0802, 'r30': -0.193, 'r90': -0.4122, 'r180': -0.0908, 'r365': -0.572}","[-0.0002, 0.0143, 0.0088]"
TONCOIN_USDT,0.001,3,0.02619,184,3.818,3.817,3.818,9081420,33958740.477,1664092,3.638,3.889,0.033,0.122,3.818,3.817,-3.5e-05,4.581,3.054,1743334332352,"{'zone': 'UTC+8', 'r': 0.033, 'v': 0.122, 'r7': 0.0477, 'r30': 0.1111, 'r90': -0.3349, 'r180': -0.3386, 'r365': -0.2376}","[0.0277, 0.0318, 0.033]"
ENA_USDT,0.0001,4,0.02724,562,0.3671,0.367,0.3671,53325813,196085798.759,4236835,0.3578,0.3811,-0.0155,-0.0058,0.3673,0.3672,3.6e-05,0.4407,0.2938,1743334332333,"{'zone': 'UTC+8', 'r': -0.0155, 'v': -0.0058, 'r7': 0.0308, 'r30': -0.1344, 'r90': -0.6118, 'r180': -0.0382}","[-0.0131, 0.009, -0.0155]"
RENDER_USDT,0.001,3,0.02798,630,3.576,3.573,3.574,3764626,13302792.477,1892067,3.419,3.659,0.0014,0.005,3.576,3.575,-0.000189,4.291,2.86,1743334332428,"{'zone': 'UTC+8', 'r': 0.0014, 'v': 0.005, 'r7': 0.0833, 'r30': -0.0491, 'r90': -0.492, 'r180': -0.4454}","[-0.0047, 0.0205, 0.0014]"
TRU_USDT,0.00001,5,0.02838,334,0.03525,0.03522,0.03523,5629876,1969087.7977,1692857,0.03331,0.03616,0.0005,2e-05,0.03521,0.03521,0.0001,0.04225,0.02816,1743334332651,"{'zone': 'UTC+8', 'r': 0.0005, 'v': 2e-05, 'r7': -0.106, 'r30': -0.2225, 'r90': -0.6104, 'r180': -0.6216, 'r365': -0.771}","[-0.0189, 0.0385, 0.0005]"
MOODENG_USDT,0.00001,5,0.02979,702,0.03357,0.03356,0.03357,20573600,6921647.7479,7115392,0.03233,0.03491,-0.0002,-1e-05,0.03359,0.03358,5e-05,0.0403,0.02687,1743334332417,"{'zone': 'UTC+8', 'r': -0.0002, 'v': -1e-05, 'r7': -0.1228, 'r30': -0.4875, 'r90': -0.874, 'r180': -0.8539}","[-0.03, 0.0017, -0.0002]"
ARB_USDT,0.0001,4,0.02987,342,0.335,0.3347,0.3348,52636606,17451854.6814,33285447,0.3259,0.3387,0.0081,0.0027,0.335,0.3349,-9.6e-05,0.402,0.268,1743334332392,"{'zone': 'UTC+8', 'r': 0.0081, 'v': 0.0027, 'r7': -0.0826, 'r30': -0.2221, 'r90': -0.5596, 'r180': -0.4538, 'r365': -0.7939}","[-0.0041, 0.0126, 0.0081]"
TIA_USDT,0.001,3,0.03023,485,3.308,3.307,3.308,9830802,31687168.455,2188620,3.127,3.376,0.0343,0.11,3.309,3.308,-0.000154,3.97,2.647,1743334332362,"{'zone': 'UTC+8', 'r': 0.0343, 'v': 0.11, 'r7': -0.0338, 'r30': -0.1283, 'r90': -0.3162, 'r180': -0.4163, 'r365': -0.7766}","[0.0128, 0.0295, 0.0343]"
VINE_USDT,0.00001,5,0.03083,1000,0.03244,0.03243,0.03244,163619886,55651863.1591,12514127,0.03051,0.03976,-0.0339,-0.00114,0.0324,0.0324,5e-05,0.0486,0.0162,1743334332321,"{'zone': 'UTC+8', 'r': -0.0339, 'v': -0.00114, 'r7': 0.2145, 'r30': -0.3038}","[-0.1131, 0.0194, -0.0339]"
BRETT_USDT,0.00001,5,0.03261,575,0.03067,0.03066,0.03067,790153,2424818.596,692077,0.02987,0.03161,-0.0045,-0.00014,0.03067,0.03067,-0.00014,0.0368,0.02453,1743334332596,"{'zone': 'UTC+8', 'r': -0.0045, 'v': -0.00014, 'r7': -0.075, 'r30': -0.184, 'r90': -0.7588, 'r180': -0.6711}","[-0.0275, 0.0042, -0.0045]"
THE_USDT,0.0001,4,0.03339,824,0.2998,0.2994,0.2995,7448701,2195955.0287,2028785,0.287,0.306,-0.0006,-0.0002,0.2996,0.2996,1.4e-05,0.3595,0.2396,1743334332575,"{'zone': 'UTC+8', 'r': -0.0006, 'v': -0.0002, 'r7': -0.1385, 'r30': -0.5093, 'r90': -0.8171}","[-0.0202, 0.0094, -0.0006]"
ROSE_USDT,0.00001,5,0.03444,222,0.02906,0.02903,0.02904,3541608,1014045.7483,4088707,0.028,0.02928,0.0128,0.00037,0.02907,0.02906,-0.000215,0.03488,0.02325,1743334332667,"{'zone': 'UTC+8', 'r': 0.0128, 'v': 0.00037, 'r7': -0.0991, 'r30': -0.2687, 'r90': -0.6742, 'r180': -0.6297, 'r365': -0.7884}","[0.001, 0.0218, 0.0128]"
FILECOIN_USDT,0.001,3,0.03613,63,2.77,2.767,2.768,612686218,16785630.95662,184885085,2.698,2.817,0.0014,0.004,2.771,2.77,-4.4e-05,3.325,2.216,1743334332399,"{'zone': 'UTC+8', 'r': 0.0014, 'v': 0.004, 'r7': -0.0741, 'r30': -0.157, 'r90': -0.4553, 'r180': -0.2825, 'r365': -0.7187}","[-0.0046, 0.0098, 0.0014]"
NEAR_USDT,0.001,3,0.03697,61,2.704,2.704,2.705,6630086,17190846.267,3946975,2.52,2.724,0.0496,0.128,2.707,2.706,-9.3e-05,3.248,2.165,1743334332381,"{'zone': 'UTC+8', 'r': 0.0496, 'v': 0.128, 'r7': -0.0131, 'r30': -0.1246, 'r90': -0.4838, 'r180': -0.4893, 'r365': -0.6122}","[0.0281, 0.055, 0.0496]"
HOLD_USDT,0.0000001,7,0.03706,868,0.0002693,0.0002693,0.0002698,17543757,5419770.9483,963420,0.0002425,0.000359,0.0678,1.71e-05,0.0002695,0.0002694,-0.000144,0.0003234,0.0002156,1743334332322,"{'zone': 'UTC+8', 'r': 0.0678, 'v': 1.71e-05, 'r7': 0.0124, 'r30': -0.3345, 'r90': -0.8442}","[0.0863, -0.0128, 0.0678]"
MANA_USDT,0.0001,4,0.04034,109,0.248,0.2478,0.2479,26659274,6472504.8875,5376067,0.2384,0.251,0.018,0.0044,0.2481,0.248,-0.000154,0.2977,0.1984,1743334332418,"{'zone': 'UTC+8', 'r': 0.018, 'v': 0.0044, 'r7': -0.0577, 'r30': -0.1587, 'r90': -0.5021, 'r180': -0.1892, 'r365': -0.63}","[0.002, 0.0147, 0.018]"
SONIC_USDT,0.0001,4,0.04087,908,0.2447,0.2446,0.2447,4091618,1001729.5931,1571280,0.2389,0.2517,-0.0048,-0.0012,0.2447,0.2445,2.1e-05,0.2936,0.1957,1743334332668,"{'zone': 'UTC+8', 'r': -0.0048, 'v': -0.0012, 'r7': -0.0967, 'r30': -0.2057}","[-0.0032, -0.0032, -0.0048]"
MANTA_USDT,0.0001,4,0.04264,527,0.2346,0.2344,0.2345,5904746,1367631.731,3947232,0.2243,0.2432,-0.0097,-0.0023,0.2349,0.2348,-0.000376,0.2818,0.1879,1743334332539,"{'zone': 'UTC+8', 'r': -0.0097, 'v': -0.0023, 'r7': -0.1425, 'r30': -0.3598, 'r90': -0.725, 'r180': -0.7277, 'r365': -0.9216}","[-0.0345, 0.0142, -0.0097]"
VET_USDT,0.00001,5,0.04331,122,0.0231,0.02308,0.02309,390863546,8959201.48883,134054310,0.02236,0.02342,0.0118,0.00027,0.0231,0.0231,5.3e-05,0.02541,0.02079,1743334332581,"{'zone': 'UTC+8', 'r': 0.0118, 'v': 0.00027, 'r7': -0.088, 'r30': -0.192, 'r90': -0.5001, 'r180': -0.0528, 'r365': -0.4923}","[0.0004, 0.0144, 0.0118]"
NOT_USDT,0.000001,6,0.04337,585,0.002306,0.002305,0.002306,5484247,12505780.23,1701225,0.002197,0.002365,0.0136,3.1e-05,0.002306,0.002306,4.4e-05,0.002767,0.001844,1743334332447,"{'zone': 'UTC+8', 'r': 0.0136, 'v': 3.1e-05, 'r7': -0.103, 'r30': -0.1363, 'r90': -0.6395, 'r180': -0.7314}","[-0.0025, 0.0267, 0.0136]"
TAO_USDT,0.1,1,0.04371,531,228.9,228.7,228.8,34759332,79443208.207,8949045,221.0,237.4,0.0155,3.5,228.9,228.8,-9.2e-05,274.6,183.1,1743334332348,"{'zone': 'UTC+8', 'r': 0.0155, 'v': 3.5, 'r7': -0.0876, 'r30': -0.3454, 'r90': -0.5046, 'r180': -0.6066, 'r365': -0.5625}","[-0.0043, -0.009, 0.0155]"
MEME_USDT,0.000001,6,0.04789,487,0.002088,0.002087,0.002088,24444498,5105579.5053,10778090,0.002012,0.002135,0.0014,3e-06,0.002089,0.002088,5e-05,0.002506,0.001671,1743334332517,"{'zone': 'UTC+8', 'r': 0.0014, 'v': 3e-06, 'r7': -0.1553, 'r30': -0.4548, 'r90': -0.8082, 'r180': -0.8275, 'r365': -0.9424}","[-0.0094, 0.0019, 0.0014]"
TURBO_USDT,0.000001,6,0.04978,401,0.002009,0.002008,0.002009,330337,6587982.02,70195,0.001923,0.002047,0.008,1.6e-05,0.00201,0.002009,-5.2e-05,0.002412,0.001608,1743334332533,"{'zone': 'UTC+8', 'r': 0.008, 'v': 1.6e-05, 'r7': -0.1691, 'r30': -0.3977, 'r90': -0.7928, 'r180': -0.6493, 'r365': 1.7075}","[-0.0083, 0.0095, 0.008]"
NEIROCTO_USDT,0.0000001,7,0.05035,688,0.0001988,0.0001985,0.0001986,4285563,8580537.912,1096912,0.0001925,0.0002104,-0.0177,-3.6e-06,0.0001985,0.0001985,5e-05,0.0002382,0.0001588,1743334332468,"{'zone': 'UTC+8', 'r': -0.0177, 'v': -3.6e-06, 'r7': -0.2869, 'r30': -0.5076, 'r90': -0.7895, 'r180': -0.8126}","[-0.0515, 0.006, -0.0177]"
1INCH_USDT,0.0001,4,0.05187,79,0.1929,0.1927,0.1928,3124065,596058.5707,4473007,0.1876,0.1947,-0.0005,-0.0001,0.1929,0.1928,-0.000235,0.2314,0.1543,1743334332615,"{'zone': 'UTC+8', 'r': -0.0005, 'v': -0.0001, 'r7': -0.0721, 'r30': -0.2142, 'r90': -0.5167, 'r180': -0.3176, 'r365': -0.6738}","[0, 0.0184, -0.0005]"
POPCAT_USDT,0.0001,4,0.0526,561,0.1901,0.19,0.1901,43742325,81560999.506,5689602,0.1801,0.1944,0.0149,0.0028,0.1903,0.1902,-6.8e-05,0.2283,0.1522,1743334332350,"{'zone': 'UTC+8', 'r': 0.0149, 'v': 0.0028, 'r7': -0.0921, 'r30': -0.2864, 'r90': -0.7525, 'r180': -0.799}","[-0.019, 0.0365, 0.0149]"
PNUT_USDT,0.0001,4,0.05274,752,0.1895,0.1894,0.1896,10005069,18115212.18,2999100,0.1673,0.1922,0.0972,0.0168,0.1896,0.1896,4.6e-05,0.2275,0.1516,1743334332372,"{'zone': 'UTC+8', 'r': 0.0972, 'v': 0.0168, 'r7': 0.0063, 'r30': 0.0155, 'r90': -0.6894}","[0.0903, 0.1127, 0.0972]"
ALGO_USDT,0.0001,4,0.05426,30,0.1844,0.1842,0.1843,52627995,9636014.8426,27255202,0.1799,0.1872,0.0021,0.0004,0.1844,0.1844,-0.000128,0.2028,0.1659,1743334332466,"{'zone': 'UTC+8', 'r': 0.0021, 'v': 0.0004, 'r7': -0.0201, 'r30': -0.2232, 'r90': -0.4459, 'r180': 0.372, 'r365': -0.3282}","[-0.0043, 0.0032, 0.0021]"
SEI_USDT,0.0001,4,0.05568,458,0.1797,0.1795,0.1796,7614462,13595859.194,3718557,0.1755,0.1828,0.0016,0.0003,0.1797,0.1796,-0.000313,0.2156,0.1437,1743334332388,"{'zone': 'UTC+8', 'r': 0.0016, 'v': 0.0003, 'r7': -0.0679, 'r30': -0.3154, 'r90': -0.5715, 'r180': -0.6115, 'r365': -0.7833}","[-0.0071, 0.0011, 0.0016]"
RAY_USDT,0.001,3,0.05731,150,1.744,1.744,1.745,12246017,2119551.0689,12854957,1.691,1.769,0.0005,0.001,1.745,1.744,-4.9e-05,2.094,1.396,1743334332565,"{'zone': 'UTC+8', 'r': 0.0005, 'v': 0.001, 'r7': -0.0135, 'r30': -0.2666, 'r90': -0.6538, 'r180': -0.0643, 'r365': -0.0949}","[0, 0.0116, 0.0005]"
AI16Z_USDT,0.0001,4,0.06139,886,0.1631,0.1628,0.1629,36687990,5852351.5072,15538262,0.1537,0.1668,0.0117,0.0019,0.1623,0.1623,-8e-06,0.1947,0.1298,1743334332417,"{'zone': 'UTC+8', 'r': 0.0117, 'v': 0.0019, 'r7': -0.1737, 'r30': -0.5258, 'r90': -0.868}","[-0.006, 0.0329, 0.0117]"
DOG_USDT,0.000001,6,0.06227,620,0.001604,0.001604,0.001606,1112102,1816500.828,622387,0.001568,0.001719,-0.0098,-1.6e-05,0.001603,0.001603,-0.000201,0.001923,0.001282,1743334332581,"{'zone': 'UTC+8', 'r': -0.0098, 'v': -1.6e-05, 'r7': -0.1849, 'r30': -0.3229, 'r90': -0.7331, 'r180': -0.5715}","[-0.063, -0.0213, -0.0098]"
STRK_USDT,0.0001,4,0.06592,541,0.1517,0.1516,0.1517,10219135,1530272.0202,14729252,0.145,0.1539,0.0126,0.0019,0.1518,0.1517,2e-05,0.1821,0.1214,1743334332540,"{'zone': 'UTC+8', 'r': 0.0126, 'v': 0.0019, 'r7': -0.0932, 'r30': -0.305, 'r90': -0.6874, 'r180': -0.6597, 'r365': -0.9299}","[0.0019, 0.0298, 0.0126]"
PYTH_USDT,0.0001,4,0.0672,497,0.1488,0.1487,0.1488,3849074,5565909.774,1332787,0.1402,0.1496,0.0362,0.0052,0.1488,0.1488,1e-06,0.1785,0.119,1743334332584,"{'zone': 'UTC+8', 'r': 0.0362, 'v': 0.0052, 'r7': -0.0479, 'r30': -0.2974, 'r90': -0.6106, 'r180': -0.5709, 'r365': -0.8312}","[0.0143, 0.0311, 0.0362]"
TOKEN_USDT,0.00001,5,0.06911,488,0.01446,0.01445,0.01447,402145,582816.55,1028350,0.01407,0.01493,-0.0095,-0.00014,0.01446,0.01446,-0.000192,0.01735,0.01156,1743334332680,"{'zone': 'UTC+8', 'r': -0.0095, 'v': -0.00014, 'r7': 0.0233, 'r30': -0.3252, 'r90': -0.7722, 'r180': -0.7468, 'r365': -0.9198}","[-0.0295, 0.0111, -0.0095]"
DOGS_USDT,0.0000001,7,0.07107,674,0.0001407,0.0001406,0.0001407,496367696,6731212.97527,82387255,0.0001284,0.0001422,0.0353,4.8e-06,0.0001407,0.0001407,5e-05,0.0001688,0.0001125,1743334332443,"{'zone': 'UTC+8', 'r': 0.0353, 'v': 4.8e-06, 'r7': -0.1862, 'r30': -0.1881, 'r90': -0.7342, 'r180': -0.8162}","[0.0353, 0.0724, 0.0353]"
VRA_USDT,0.000001,6,0.07474,235,0.001338,0.001337,0.001338,4451726,598074.4808,12277465,0.001285,0.001401,0.0067,9e-06,0.00133,0.001333,0.000281,0.001596,0.001064,1743334332660,"{'zone': 'UTC+8', 'r': 0.0067, 'v': 9e-06, 'r7': -0.145, 'r30': -0.37, 'r90': -0.6708, 'r180': -0.5965, 'r365': -0.8622}","[-0.0022, -0.0183, 0.0067]"
BOME_USDT,0.000001,6,0.07616,552,0.001313,0.001312,0.001313,2434444,3235176.97,3237577,0.001294,0.001359,-0.0186,-2.5e-05,0.001315,0.001314,-4.9e-05,0.001578,0.001052,1743334332534,"{'zone': 'UTC+8', 'r': -0.0186, 'v': -2.5e-05, 'r7': -0.0951, 'r30': -0.2989, 'r90': -0.7925, 'r180': -0.8198, 'r365': -0.898}","[-0.023, -0.0053, -0.0186]"
HYPE_USDT,0.01,2,0.07899,887,12.65,12.65,12.66,7168597,9115275.553,5241845,12.27,13.1,-0.0261,-0.34,12.63,12.65,0.000199,15.15,10.1,1743334332407,"{'zone': 'UTC+8', 'r': -0.0261, 'v': -0.34, 'r7': -0.1988, 'r30': -0.3811, 'r90': -0.5388}","[0.0047, -0.0132, -0.0261]"
USUAL_USDT,0.0001,4,0.08019,879,0.1247,0.1246,0.1247,10745141,1313606.4738,9967420,0.1188,0.1262,0.0138,0.0017,0.1249,0.1248,-0.000111,0.1498,0.0999,1743334332629,"{'zone': 'UTC+8', 'r': 0.0138, 'v': 0.0017, 'r7': -0.1002, 'r30': -0.4438, 'r90': -0.8814}","[0.0032, 0.0221, 0.0138]"
RUNE_USDT,0.001,3,0.08811,242,1.136,1.134,1.135,4032959,4561384.045,2804495,1.108,1.147,0.0088,0.01,1.135,1.134,-5e-05,1.362,0.908,1743334332501,"{'zone': 'UTC+8', 'r': 0.0088, 'v': 0.01, 'r7': -0.0875, 'r30': -0.2044, 'r90': -0.7532, 'r180': -0.7766, 'r365': -0.8713}","[0.0088, 0.0097, 0.0088]"
ZIL_USDT,0.00001,5,0.08811,66,0.01135,0.01134,0.01135,15869894,1773544.8125,7295225,0.01104,0.01146,0.007,8e-05,0.01135,0.01134,-3e-05,0.01362,0.00908,1743334332722,"{'zone': 'UTC+8', 'r': 0.007, 'v': 8e-05, 'r7': -0.0927, 'r30': -0.1727, 'r90': -0.4663, 'r180': -0.2523, 'r365': -0.6892}","[0.0008, 0.0161, 0.007]"
KAIA_USDT,0.0001,4,0.09606,743,0.1041,0.104,0.1041,2592336,2672352.367,474592,0.1012,0.1053,0.0116,0.0012,0.1041,0.1041,5e-05,0.1249,0.0832,1743334332926,"{'zone': 'UTC+8', 'r': 0.0116, 'v': 0.0012, 'r7': -0.0405, 'r30': -0.1764, 'r90': -0.4907}","[0.0057, 0.0156, 0.0116]"
PONKE_USDT,0.0001,4,0.10953,598,0.0914,0.0912,0.0913,906440,820793.545,750180,0.0879,0.0934,-0.0021,-0.0002,0.0914,0.0913,-9.7e-05,0.1096,0.0731,1743334332800,"{'zone': 'UTC+8', 'r': -0.0021, 'v': -0.0002, 'r7': -0.1529, 'r30': -0.3244, 'r90': -0.7118, 'r180': -0.7393}","[-0.0214, 0.0189, -0.0021]"
TST_USDT,0.0001,4,0.14771,1030,0.0678,0.0676,0.0677,6667507,4510191.914,2871672,0.063,0.0709,0.0119,0.0008,0.0676,0.0676,5e-05,0.0811,0.054,1743334332418,"{'zone': 'UTC+8', 'r': 0.0119, 'v': 0.0008, 'r7': 0.021, 'r30': -0.2944}","[-0.0341, 0.0366, 0.0119]"
ZKSYNC_USDT,0.0001,4,0.14903,602,0.0671,0.0669,0.0671,1142609,762790.631,3174392,0.0644,0.0681,0.0075,0.0005,0.067,0.067,-0.00011,0.0804,0.0536,1743334332585,"{'zone': 'UTC+8', 'r': 0.0075, 'v': 0.0005, 'r7': -0.1053, 'r30': -0.3276, 'r90': -0.6468, 'r180': -0.5172}","[-0.0103, 0.0105, 0.0075]"
MELANIA_USDT,0.001,3,0.16313,987,0.613,0.612,0.613,22183076,1347512.573,43851385,0.593,0.624,0.0098,0.006,0.612,0.612,-0.000267,0.918,0.306,1743334332552,"{'zone': 'UTC+8', 'r': 0.0098, 'v': 0.006, 'r7': -0.1414, 'r30': -0.2929}","[-0.0016, 0.0065, 0.0098]"
XAI_USDT,0.0001,4,0.16367,524,0.0611,0.061,0.0611,3155883,1905722.7,2205197,0.0586,0.0626,-0.0016,-0.0001,0.061,0.061,5e-05,0.0732,0.0488,1743334332524,"{'zone': 'UTC+8', 'r': -0.0016, 'v': -0.0001, 'r7': -0.0974, 'r30': -0.315, 'r90': -0.7407, 'r180': -0.7367, 'r365': -0.9499}","[0, 0.0234, -0.0016]"
BAN_USDT,0.0001,4,0.16694,774,0.0598,0.0598,0.0599,2443092,1417874.811,1040927,0.0541,0.0611,0.0274,0.0016,0.0598,0.0598,5e-05,0.0717,0.0478,1743334332614,"{'zone': 'UTC+8', 'r': 0.0274, 'v': 0.0016, 'r7': 0.0257, 'r30': -0.0354, 'r90': -0.0164}","[0.0716, 0.0292, 0.0274]"
PENGU_USDT,0.00001,5,0.16835,878,0.00593,0.00593,0.00594,587027487,34368493.9608,26100982,0.00558,0.00612,0.0259,0.00015,0.00593,0.00593,5e-05,0.00711,0.00474,1743334332446,"{'zone': 'UTC+8', 'r': 0.0259, 'v': 0.00015, 'r7': -0.0748, 'r30': -0.2855, 'r90': -0.8228}","[-0.0083, 0.044, 0.0259]"
GOAT_USDT,0.0001,4,0.19084,727,0.0524,0.0523,0.0524,3533800,1816675.426,2767722,0.05,0.0533,0.0155,0.0008,0.0522,0.0522,-9.4e-05,0.0626,0.0417,1743334332563,"{'zone': 'UTC+8', 'r': 0.0155, 'v': 0.0008, 'r7': -0.0965, 'r30': -0.453, 'r90': -0.872}","[0.0174, 0.0135, 0.0155]"
CHILLGUY_USDT,0.0001,4,0.38314,805,0.026,0.026,0.0261,7614789,1961156.289,4757677,0.0252,0.0263,0.0038,0.0001,0.026,0.026,5e-05,0.0312,0.0208,1743334332691,"{'zone': 'UTC+8', 'r': 0.0038, 'v': 0.0001, 'r7': -0.1362, 'r30': -0.2613, 'r90': -0.8385}","[0.0116, 0, 0.0038]"
